%YAML 1.1
%TAG !u! tag:unity3d.com,2011:
--- !u!29 &1
OcclusionCullingSettings:
  m_ObjectHideFlags: 0
  serializedVersion: 2
  m_OcclusionBakeSettings:
    smallestOccluder: 5
    smallestHole: 0.25
    backfaceThreshold: 100
  m_SceneGUID: 00000000000000000000000000000000
  m_OcclusionCullingData: {fileID: 0}
--- !u!104 &2
RenderSettings:
  m_ObjectHideFlags: 0
  serializedVersion: 9
  m_Fog: 0
  m_FogColor: {r: 0.5, g: 0.5, b: 0.5, a: 1}
  m_FogMode: 3
  m_FogDensity: 0.01
  m_LinearFogStart: 0
  m_LinearFogEnd: 300
  m_AmbientSkyColor: {r: 0.212, g: 0.227, b: 0.259, a: 1}
  m_AmbientEquatorColor: {r: 0.114, g: 0.125, b: 0.133, a: 1}
  m_AmbientGroundColor: {r: 0.047, g: 0.043, b: 0.035, a: 1}
  m_AmbientIntensity: 1
  m_AmbientMode: 0
  m_SubtractiveShadowColor: {r: 0.42, g: 0.478, b: 0.627, a: 1}
  m_SkyboxMaterial: {fileID: 0}
  m_HaloStrength: 0.5
  m_FlareStrength: 1
  m_FlareFadeSpeed: 3
  m_HaloTexture: {fileID: 0}
  m_SpotCookie: {fileID: 10001, guid: 0000000000000000e000000000000000, type: 0}
  m_DefaultReflectionMode: 0
  m_DefaultReflectionResolution: 128
  m_ReflectionBounces: 1
  m_ReflectionIntensity: 1
  m_CustomReflection: {fileID: 0}
  m_Sun: {fileID: 0}
  m_IndirectSpecularColor: {r: 0, g: 0, b: 0, a: 1}
  m_UseRadianceAmbientProbe: 0
--- !u!157 &3
LightmapSettings:
  m_ObjectHideFlags: 0
  serializedVersion: 11
  m_GIWorkflowMode: 1
  m_GISettings:
    serializedVersion: 2
    m_BounceScale: 1
    m_IndirectOutputScale: 1
    m_AlbedoBoost: 1
    m_EnvironmentLightingMode: 0
    m_EnableBakedLightmaps: 1
    m_EnableRealtimeLightmaps: 0
  m_LightmapEditorSettings:
    serializedVersion: 12
    m_Resolution: 2
    m_BakeResolution: 40
    m_AtlasSize: 1024
    m_AO: 0
    m_AOMaxDistance: 1
    m_CompAOExponent: 1
    m_CompAOExponentDirect: 0
    m_ExtractAmbientOcclusion: 0
    m_Padding: 2
    m_LightmapParameters: {fileID: 0}
    m_LightmapsBakeMode: 1
    m_TextureCompression: 1
    m_FinalGather: 0
    m_FinalGatherFiltering: 1
    m_FinalGatherRayCount: 256
    m_ReflectionCompression: 2
    m_MixedBakeMode: 2
    m_BakeBackend: 1
    m_PVRSampling: 1
    m_PVRDirectSampleCount: 32
    m_PVRSampleCount: 512
    m_PVRBounces: 2
    m_PVREnvironmentSampleCount: 256
    m_PVREnvironmentReferencePointCount: 2048
    m_PVRFilteringMode: 1
    m_PVRDenoiserTypeDirect: 1
    m_PVRDenoiserTypeIndirect: 1
    m_PVRDenoiserTypeAO: 1
    m_PVRFilterTypeDirect: 0
    m_PVRFilterTypeIndirect: 0
    m_PVRFilterTypeAO: 0
    m_PVREnvironmentMIS: 1
    m_PVRCulling: 1
    m_PVRFilteringGaussRadiusDirect: 1
    m_PVRFilteringGaussRadiusIndirect: 5
    m_PVRFilteringGaussRadiusAO: 2
    m_PVRFilteringAtrousPositionSigmaDirect: 0.5
    m_PVRFilteringAtrousPositionSigmaIndirect: 2
    m_PVRFilteringAtrousPositionSigmaAO: 1
    m_ExportTrainingData: 0
    m_TrainingDataDestination: TrainingData
    m_LightProbeSampleCountMultiplier: 4
  m_LightingDataAsset: {fileID: 0}
  m_UseShadowmask: 1
--- !u!196 &4
NavMeshSettings:
  serializedVersion: 2
  m_ObjectHideFlags: 0
  m_BuildSettings:
    serializedVersion: 2
    agentTypeID: 0
    agentRadius: 0.5
    agentHeight: 2
    agentSlope: 45
    agentClimb: 0.4
    ledgeDropHeight: 0
    maxJumpAcrossDistance: 0
    minRegionArea: 2
    manualCellSize: 0
    cellSize: 0.16666667
    manualTileSize: 0
    tileSize: 256
    accuratePlacement: 0
    debug:
      m_Flags: 0
  m_NavMeshData: {fileID: 0}
--- !u!1 &60833529
GameObject:
  m_ObjectHideFlags: 0
  m_CorrespondingSourceObject: {fileID: 0}
  m_PrefabInstance: {fileID: 0}
  m_PrefabAsset: {fileID: 0}
  serializedVersion: 6
  m_Component:
  - component: {fileID: 60833534}
  - component: {fileID: 60833533}
  - component: {fileID: 60833532}
  - component: {fileID: 60833531}
  - component: {fileID: 60833530}
  m_Layer: 5
  m_Name: Canvas
  m_TagString: Untagged
  m_Icon: {fileID: 0}
  m_NavMeshLayer: 0
  m_StaticEditorFlags: 0
  m_IsActive: 1
--- !u!114 &60833530
MonoBehaviour:
  m_ObjectHideFlags: 0
  m_CorrespondingSourceObject: {fileID: 0}
  m_PrefabInstance: {fileID: 0}
  m_PrefabAsset: {fileID: 0}
  m_GameObject: {fileID: 60833529}
  m_Enabled: 1
  m_EditorHideFlags: 0
  m_Script: {fileID: 11500000, guid: 59f8146938fff824cb5fd77236b75775, type: 3}
  m_Name: 
  m_EditorClassIdentifier: 
  m_Padding:
    m_Left: 0
    m_Right: 0
    m_Top: 0
    m_Bottom: 0
  m_ChildAlignment: 4
  m_Spacing: 0
  m_ChildForceExpandWidth: 1
  m_ChildForceExpandHeight: 1
  m_ChildControlWidth: 0
  m_ChildControlHeight: 0
  m_ChildScaleWidth: 1
  m_ChildScaleHeight: 0
--- !u!114 &60833531
MonoBehaviour:
  m_ObjectHideFlags: 0
  m_CorrespondingSourceObject: {fileID: 0}
  m_PrefabInstance: {fileID: 0}
  m_PrefabAsset: {fileID: 0}
  m_GameObject: {fileID: 60833529}
  m_Enabled: 1
  m_EditorHideFlags: 0
  m_Script: {fileID: 11500000, guid: dc42784cf147c0c48a680349fa168899, type: 3}
  m_Name: 
  m_EditorClassIdentifier: 
  m_IgnoreReversedGraphics: 1
  m_BlockingObjects: 0
  m_BlockingMask:
    serializedVersion: 2
    m_Bits: 4294967295
--- !u!114 &60833532
MonoBehaviour:
  m_ObjectHideFlags: 0
  m_CorrespondingSourceObject: {fileID: 0}
  m_PrefabInstance: {fileID: 0}
  m_PrefabAsset: {fileID: 0}
  m_GameObject: {fileID: 60833529}
  m_Enabled: 1
  m_EditorHideFlags: 0
  m_Script: {fileID: 11500000, guid: 0cd44c1031e13a943bb63640046fad76, type: 3}
  m_Name: 
  m_EditorClassIdentifier: 
  m_UiScaleMode: 0
  m_ReferencePixelsPerUnit: 100
  m_ScaleFactor: 1
  m_ReferenceResolution: {x: 800, y: 600}
  m_ScreenMatchMode: 0
  m_MatchWidthOrHeight: 0
  m_PhysicalUnit: 3
  m_FallbackScreenDPI: 96
  m_DefaultSpriteDPI: 96
  m_DynamicPixelsPerUnit: 1
--- !u!223 &60833533
Canvas:
  m_ObjectHideFlags: 0
  m_CorrespondingSourceObject: {fileID: 0}
  m_PrefabInstance: {fileID: 0}
  m_PrefabAsset: {fileID: 0}
  m_GameObject: {fileID: 60833529}
  m_Enabled: 1
  serializedVersion: 3
  m_RenderMode: 0
  m_Camera: {fileID: 0}
  m_PlaneDistance: 100
  m_PixelPerfect: 0
  m_ReceivesEvents: 1
  m_OverrideSorting: 0
  m_OverridePixelPerfect: 0
  m_SortingBucketNormalizedSize: 0
  m_AdditionalShaderChannelsFlag: 0
  m_SortingLayerID: 0
  m_SortingOrder: 0
  m_TargetDisplay: 0
--- !u!224 &60833534
RectTransform:
  m_ObjectHideFlags: 0
  m_CorrespondingSourceObject: {fileID: 0}
  m_PrefabInstance: {fileID: 0}
  m_PrefabAsset: {fileID: 0}
  m_GameObject: {fileID: 60833529}
  m_LocalRotation: {x: 0, y: 0, z: 0, w: 1}
  m_LocalPosition: {x: 0, y: 0, z: 0}
  m_LocalScale: {x: 0, y: 0, z: 0}
  m_Children:
  - {fileID: 4897436842413066426}
  - {fileID: 744752247}
  - {fileID: 377213965}
  - {fileID: 1000583868}
  m_Father: {fileID: 0}
  m_RootOrder: 1
  m_LocalEulerAnglesHint: {x: 0, y: 0, z: 0}
  m_AnchorMin: {x: 0, y: 0}
  m_AnchorMax: {x: 0, y: 0}
  m_AnchoredPosition: {x: 0, y: 0}
  m_SizeDelta: {x: 0, y: 0}
  m_Pivot: {x: 0, y: 0}
--- !u!1001 &377213964
PrefabInstance:
  m_ObjectHideFlags: 0
  serializedVersion: 2
  m_Modification:
    m_TransformParent: {fileID: 60833534}
    m_Modifications:
    - target: {fileID: 2414829722963783424, guid: 8d1e1b85aeba2894782b9d37596c45d2,
        type: 3}
      propertyPath: m_Name
      value: Houses
      objectReference: {fileID: 0}
    - target: {fileID: 2414829722963783424, guid: 8d1e1b85aeba2894782b9d37596c45d2,
        type: 3}
      propertyPath: m_IsActive
      value: 1
      objectReference: {fileID: 0}
    - target: {fileID: 2454149305481040388, guid: 8d1e1b85aeba2894782b9d37596c45d2,
        type: 3}
      propertyPath: type
      value: 2
      objectReference: {fileID: 0}
    - target: {fileID: 3782664883590224834, guid: 8d1e1b85aeba2894782b9d37596c45d2,
        type: 3}
      propertyPath: m_Text
      value: 0
      objectReference: {fileID: 0}
    - target: {fileID: 3782664883590224834, guid: 8d1e1b85aeba2894782b9d37596c45d2,
        type: 3}
      propertyPath: m_FontData.m_FontSize
      value: 61
      objectReference: {fileID: 0}
    - target: {fileID: 3782664883590224834, guid: 8d1e1b85aeba2894782b9d37596c45d2,
        type: 3}
      propertyPath: m_FontData.m_MaxSize
      value: 84
      objectReference: {fileID: 0}
    - target: {fileID: 3782664883590224834, guid: 8d1e1b85aeba2894782b9d37596c45d2,
        type: 3}
      propertyPath: m_Color.r
      value: 1
      objectReference: {fileID: 0}
    - target: {fileID: 3782664883590224834, guid: 8d1e1b85aeba2894782b9d37596c45d2,
        type: 3}
      propertyPath: m_Color.g
      value: 1
      objectReference: {fileID: 0}
    - target: {fileID: 3782664883590224834, guid: 8d1e1b85aeba2894782b9d37596c45d2,
        type: 3}
      propertyPath: m_Color.b
      value: 1
      objectReference: {fileID: 0}
    - target: {fileID: 5041037878036969831, guid: 8d1e1b85aeba2894782b9d37596c45d2,
        type: 3}
      propertyPath: m_SizeDelta.y
      value: 100
      objectReference: {fileID: 0}
    - target: {fileID: 5143912256478115520, guid: 8d1e1b85aeba2894782b9d37596c45d2,
        type: 3}
      propertyPath: m_LocalPosition.x
      value: 0
      objectReference: {fileID: 0}
    - target: {fileID: 5143912256478115520, guid: 8d1e1b85aeba2894782b9d37596c45d2,
        type: 3}
      propertyPath: m_LocalPosition.y
      value: 0
      objectReference: {fileID: 0}
    - target: {fileID: 5143912256478115520, guid: 8d1e1b85aeba2894782b9d37596c45d2,
        type: 3}
      propertyPath: m_LocalPosition.z
      value: 0
      objectReference: {fileID: 0}
    - target: {fileID: 5143912256478115520, guid: 8d1e1b85aeba2894782b9d37596c45d2,
        type: 3}
      propertyPath: m_LocalRotation.x
      value: 0
      objectReference: {fileID: 0}
    - target: {fileID: 5143912256478115520, guid: 8d1e1b85aeba2894782b9d37596c45d2,
        type: 3}
      propertyPath: m_LocalRotation.y
      value: 0
      objectReference: {fileID: 0}
    - target: {fileID: 5143912256478115520, guid: 8d1e1b85aeba2894782b9d37596c45d2,
        type: 3}
      propertyPath: m_LocalRotation.z
      value: 0
      objectReference: {fileID: 0}
    - target: {fileID: 5143912256478115520, guid: 8d1e1b85aeba2894782b9d37596c45d2,
        type: 3}
      propertyPath: m_LocalRotation.w
      value: 1
      objectReference: {fileID: 0}
    - target: {fileID: 5143912256478115520, guid: 8d1e1b85aeba2894782b9d37596c45d2,
        type: 3}
      propertyPath: m_RootOrder
      value: 2
      objectReference: {fileID: 0}
    - target: {fileID: 5143912256478115520, guid: 8d1e1b85aeba2894782b9d37596c45d2,
        type: 3}
      propertyPath: m_LocalEulerAnglesHint.x
      value: 0
      objectReference: {fileID: 0}
    - target: {fileID: 5143912256478115520, guid: 8d1e1b85aeba2894782b9d37596c45d2,
        type: 3}
      propertyPath: m_LocalEulerAnglesHint.y
      value: 0
      objectReference: {fileID: 0}
    - target: {fileID: 5143912256478115520, guid: 8d1e1b85aeba2894782b9d37596c45d2,
        type: 3}
      propertyPath: m_LocalEulerAnglesHint.z
      value: 0
      objectReference: {fileID: 0}
    - target: {fileID: 5143912256478115520, guid: 8d1e1b85aeba2894782b9d37596c45d2,
        type: 3}
      propertyPath: m_AnchoredPosition.x
      value: 0
      objectReference: {fileID: 0}
    - target: {fileID: 5143912256478115520, guid: 8d1e1b85aeba2894782b9d37596c45d2,
        type: 3}
      propertyPath: m_AnchoredPosition.y
      value: 0
      objectReference: {fileID: 0}
    - target: {fileID: 5143912256478115520, guid: 8d1e1b85aeba2894782b9d37596c45d2,
        type: 3}
      propertyPath: m_SizeDelta.x
      value: 766.16797
      objectReference: {fileID: 0}
    - target: {fileID: 5143912256478115520, guid: 8d1e1b85aeba2894782b9d37596c45d2,
        type: 3}
      propertyPath: m_SizeDelta.y
      value: 208.18115
      objectReference: {fileID: 0}
    - target: {fileID: 5143912256478115520, guid: 8d1e1b85aeba2894782b9d37596c45d2,
        type: 3}
      propertyPath: m_AnchorMin.x
      value: 0
      objectReference: {fileID: 0}
    - target: {fileID: 5143912256478115520, guid: 8d1e1b85aeba2894782b9d37596c45d2,
        type: 3}
      propertyPath: m_AnchorMin.y
      value: 0
      objectReference: {fileID: 0}
    - target: {fileID: 5143912256478115520, guid: 8d1e1b85aeba2894782b9d37596c45d2,
        type: 3}
      propertyPath: m_AnchorMax.x
      value: 0
      objectReference: {fileID: 0}
    - target: {fileID: 5143912256478115520, guid: 8d1e1b85aeba2894782b9d37596c45d2,
        type: 3}
      propertyPath: m_AnchorMax.y
      value: 0
      objectReference: {fileID: 0}
    - target: {fileID: 5143912256478115520, guid: 8d1e1b85aeba2894782b9d37596c45d2,
        type: 3}
      propertyPath: m_Pivot.x
      value: 0.5
      objectReference: {fileID: 0}
    - target: {fileID: 5143912256478115520, guid: 8d1e1b85aeba2894782b9d37596c45d2,
        type: 3}
      propertyPath: m_Pivot.y
      value: 0.5
      objectReference: {fileID: 0}
    - target: {fileID: 6643735789698488661, guid: 8d1e1b85aeba2894782b9d37596c45d2,
        type: 3}
      propertyPath: m_Sprite
      value: 
      objectReference: {fileID: 21300000, guid: 8658fb4754bc43d4ab494021731f68d7,
        type: 3}
    m_RemovedComponents: []
  m_SourcePrefab: {fileID: 100100000, guid: 8d1e1b85aeba2894782b9d37596c45d2, type: 3}
--- !u!224 &377213965 stripped
RectTransform:
  m_CorrespondingSourceObject: {fileID: 5143912256478115520, guid: 8d1e1b85aeba2894782b9d37596c45d2,
    type: 3}
  m_PrefabInstance: {fileID: 377213964}
  m_PrefabAsset: {fileID: 0}
--- !u!1 &379732304
GameObject:
  m_ObjectHideFlags: 0
  m_CorrespondingSourceObject: {fileID: 0}
  m_PrefabInstance: {fileID: 0}
  m_PrefabAsset: {fileID: 0}
  serializedVersion: 6
  m_Component:
  - component: {fileID: 379732307}
  - component: {fileID: 379732306}
  - component: {fileID: 379732305}
  m_Layer: 0
  m_Name: Main Camera
  m_TagString: MainCamera
  m_Icon: {fileID: 0}
  m_NavMeshLayer: 0
  m_StaticEditorFlags: 0
  m_IsActive: 1
--- !u!81 &379732305
AudioListener:
  m_ObjectHideFlags: 0
  m_CorrespondingSourceObject: {fileID: 0}
  m_PrefabInstance: {fileID: 0}
  m_PrefabAsset: {fileID: 0}
  m_GameObject: {fileID: 379732304}
  m_Enabled: 1
--- !u!20 &379732306
Camera:
  m_ObjectHideFlags: 0
  m_CorrespondingSourceObject: {fileID: 0}
  m_PrefabInstance: {fileID: 0}
  m_PrefabAsset: {fileID: 0}
  m_GameObject: {fileID: 379732304}
  m_Enabled: 1
  serializedVersion: 2
  m_ClearFlags: 1
  m_BackGroundColor: {r: 0.2924528, g: 0.2924528, b: 0.2924528, a: 0}
  m_projectionMatrixMode: 1
  m_GateFitMode: 2
  m_FOVAxisMode: 0
  m_SensorSize: {x: 36, y: 24}
  m_LensShift: {x: 0, y: 0}
  m_FocalLength: 50
  m_NormalizedViewPortRect:
    serializedVersion: 2
    x: 0
    y: 0
    width: 1
    height: 1
  near clip plane: 0.3
  far clip plane: 1000
  field of view: 60
  orthographic: 1
  orthographic size: 5
  m_Depth: -1
  m_CullingMask:
    serializedVersion: 2
    m_Bits: 4294967295
  m_RenderingPath: -1
  m_TargetTexture: {fileID: 0}
  m_TargetDisplay: 0
  m_TargetEye: 3
  m_HDR: 1
  m_AllowMSAA: 1
  m_AllowDynamicResolution: 0
  m_ForceIntoRT: 0
  m_OcclusionCulling: 1
  m_StereoConvergence: 10
  m_StereoSeparation: 0.022
--- !u!4 &379732307
Transform:
  m_ObjectHideFlags: 0
  m_CorrespondingSourceObject: {fileID: 0}
  m_PrefabInstance: {fileID: 0}
  m_PrefabAsset: {fileID: 0}
  m_GameObject: {fileID: 379732304}
  m_LocalRotation: {x: 0, y: 0, z: 0, w: 1}
  m_LocalPosition: {x: 0, y: 1, z: -10}
  m_LocalScale: {x: 1, y: 1, z: 1}
  m_Children: []
  m_Father: {fileID: 0}
  m_RootOrder: 0
  m_LocalEulerAnglesHint: {x: 0, y: 0, z: 0}
--- !u!1001 &744752246
PrefabInstance:
  m_ObjectHideFlags: 0
  serializedVersion: 2
  m_Modification:
    m_TransformParent: {fileID: 60833534}
    m_Modifications:
    - target: {fileID: 1377311933370267341, guid: 8d1e1b85aeba2894782b9d37596c45d2,
        type: 3}
      propertyPath: m_AnchoredPosition.x
      value: 136
      objectReference: {fileID: 0}
    - target: {fileID: 2414829722963783424, guid: 8d1e1b85aeba2894782b9d37596c45d2,
        type: 3}
      propertyPath: m_Name
      value: Workers
      objectReference: {fileID: 0}
    - target: {fileID: 2414829722963783424, guid: 8d1e1b85aeba2894782b9d37596c45d2,
        type: 3}
      propertyPath: m_IsActive
      value: 1
      objectReference: {fileID: 0}
    - target: {fileID: 3782664883590224834, guid: 8d1e1b85aeba2894782b9d37596c45d2,
        type: 3}
      propertyPath: m_Text
      value: 0
      objectReference: {fileID: 0}
    - target: {fileID: 3782664883590224834, guid: 8d1e1b85aeba2894782b9d37596c45d2,
        type: 3}
      propertyPath: m_FontData.m_FontSize
      value: 61
      objectReference: {fileID: 0}
    - target: {fileID: 3782664883590224834, guid: 8d1e1b85aeba2894782b9d37596c45d2,
        type: 3}
      propertyPath: m_FontData.m_MaxSize
      value: 84
      objectReference: {fileID: 0}
    - target: {fileID: 3782664883590224834, guid: 8d1e1b85aeba2894782b9d37596c45d2,
        type: 3}
      propertyPath: m_Color.r
      value: 1
      objectReference: {fileID: 0}
    - target: {fileID: 3782664883590224834, guid: 8d1e1b85aeba2894782b9d37596c45d2,
        type: 3}
      propertyPath: m_Color.g
      value: 1
      objectReference: {fileID: 0}
    - target: {fileID: 3782664883590224834, guid: 8d1e1b85aeba2894782b9d37596c45d2,
        type: 3}
      propertyPath: m_Color.b
      value: 1
      objectReference: {fileID: 0}
    - target: {fileID: 5041037878036969831, guid: 8d1e1b85aeba2894782b9d37596c45d2,
        type: 3}
      propertyPath: m_SizeDelta.y
      value: 100
      objectReference: {fileID: 0}
    - target: {fileID: 5143912256478115520, guid: 8d1e1b85aeba2894782b9d37596c45d2,
        type: 3}
      propertyPath: m_LocalPosition.x
      value: 0
      objectReference: {fileID: 0}
    - target: {fileID: 5143912256478115520, guid: 8d1e1b85aeba2894782b9d37596c45d2,
        type: 3}
      propertyPath: m_LocalPosition.y
      value: 0
      objectReference: {fileID: 0}
    - target: {fileID: 5143912256478115520, guid: 8d1e1b85aeba2894782b9d37596c45d2,
        type: 3}
      propertyPath: m_LocalPosition.z
      value: 0
      objectReference: {fileID: 0}
    - target: {fileID: 5143912256478115520, guid: 8d1e1b85aeba2894782b9d37596c45d2,
        type: 3}
      propertyPath: m_LocalRotation.x
      value: 0
      objectReference: {fileID: 0}
    - target: {fileID: 5143912256478115520, guid: 8d1e1b85aeba2894782b9d37596c45d2,
        type: 3}
      propertyPath: m_LocalRotation.y
      value: 0
      objectReference: {fileID: 0}
    - target: {fileID: 5143912256478115520, guid: 8d1e1b85aeba2894782b9d37596c45d2,
        type: 3}
      propertyPath: m_LocalRotation.z
      value: 0
      objectReference: {fileID: 0}
    - target: {fileID: 5143912256478115520, guid: 8d1e1b85aeba2894782b9d37596c45d2,
        type: 3}
      propertyPath: m_LocalRotation.w
      value: 1
      objectReference: {fileID: 0}
    - target: {fileID: 5143912256478115520, guid: 8d1e1b85aeba2894782b9d37596c45d2,
        type: 3}
      propertyPath: m_RootOrder
      value: 1
      objectReference: {fileID: 0}
    - target: {fileID: 5143912256478115520, guid: 8d1e1b85aeba2894782b9d37596c45d2,
        type: 3}
      propertyPath: m_LocalEulerAnglesHint.x
      value: 0
      objectReference: {fileID: 0}
    - target: {fileID: 5143912256478115520, guid: 8d1e1b85aeba2894782b9d37596c45d2,
        type: 3}
      propertyPath: m_LocalEulerAnglesHint.y
      value: 0
      objectReference: {fileID: 0}
    - target: {fileID: 5143912256478115520, guid: 8d1e1b85aeba2894782b9d37596c45d2,
        type: 3}
      propertyPath: m_LocalEulerAnglesHint.z
      value: 0
      objectReference: {fileID: 0}
    - target: {fileID: 5143912256478115520, guid: 8d1e1b85aeba2894782b9d37596c45d2,
        type: 3}
      propertyPath: m_AnchoredPosition.x
      value: 0
      objectReference: {fileID: 0}
    - target: {fileID: 5143912256478115520, guid: 8d1e1b85aeba2894782b9d37596c45d2,
        type: 3}
      propertyPath: m_AnchoredPosition.y
      value: 0
      objectReference: {fileID: 0}
    - target: {fileID: 5143912256478115520, guid: 8d1e1b85aeba2894782b9d37596c45d2,
        type: 3}
      propertyPath: m_SizeDelta.x
      value: 766.16797
      objectReference: {fileID: 0}
    - target: {fileID: 5143912256478115520, guid: 8d1e1b85aeba2894782b9d37596c45d2,
        type: 3}
      propertyPath: m_SizeDelta.y
      value: 208.18115
      objectReference: {fileID: 0}
    - target: {fileID: 5143912256478115520, guid: 8d1e1b85aeba2894782b9d37596c45d2,
        type: 3}
      propertyPath: m_AnchorMin.x
      value: 0
      objectReference: {fileID: 0}
    - target: {fileID: 5143912256478115520, guid: 8d1e1b85aeba2894782b9d37596c45d2,
        type: 3}
      propertyPath: m_AnchorMin.y
      value: 0
      objectReference: {fileID: 0}
    - target: {fileID: 5143912256478115520, guid: 8d1e1b85aeba2894782b9d37596c45d2,
        type: 3}
      propertyPath: m_AnchorMax.x
      value: 0
      objectReference: {fileID: 0}
    - target: {fileID: 5143912256478115520, guid: 8d1e1b85aeba2894782b9d37596c45d2,
        type: 3}
      propertyPath: m_AnchorMax.y
      value: 0
      objectReference: {fileID: 0}
    - target: {fileID: 5143912256478115520, guid: 8d1e1b85aeba2894782b9d37596c45d2,
        type: 3}
      propertyPath: m_Pivot.x
      value: 0.5
      objectReference: {fileID: 0}
    - target: {fileID: 5143912256478115520, guid: 8d1e1b85aeba2894782b9d37596c45d2,
        type: 3}
      propertyPath: m_Pivot.y
      value: 0.5
      objectReference: {fileID: 0}
    - target: {fileID: 6643735789698488661, guid: 8d1e1b85aeba2894782b9d37596c45d2,
        type: 3}
      propertyPath: m_Sprite
      value: 
      objectReference: {fileID: 21300000, guid: 8e9241e41ca2b00438b86f3aa14f5fc0,
        type: 3}
    m_RemovedComponents: []
  m_SourcePrefab: {fileID: 100100000, guid: 8d1e1b85aeba2894782b9d37596c45d2, type: 3}
--- !u!224 &744752247 stripped
RectTransform:
  m_CorrespondingSourceObject: {fileID: 5143912256478115520, guid: 8d1e1b85aeba2894782b9d37596c45d2,
    type: 3}
  m_PrefabInstance: {fileID: 744752246}
  m_PrefabAsset: {fileID: 0}
--- !u!1001 &1000583867
PrefabInstance:
  m_ObjectHideFlags: 0
  serializedVersion: 2
  m_Modification:
    m_TransformParent: {fileID: 60833534}
    m_Modifications:
    - target: {fileID: 2414829722963783424, guid: 8d1e1b85aeba2894782b9d37596c45d2,
        type: 3}
      propertyPath: m_Name
      value: Money
      objectReference: {fileID: 0}
    - target: {fileID: 2414829722963783424, guid: 8d1e1b85aeba2894782b9d37596c45d2,
        type: 3}
      propertyPath: m_IsActive
      value: 1
      objectReference: {fileID: 0}
    - target: {fileID: 2454149305481040388, guid: 8d1e1b85aeba2894782b9d37596c45d2,
        type: 3}
      propertyPath: type
      value: 3
      objectReference: {fileID: 0}
    - target: {fileID: 3782664883590224834, guid: 8d1e1b85aeba2894782b9d37596c45d2,
        type: 3}
      propertyPath: m_Text
      value: 0
      objectReference: {fileID: 0}
    - target: {fileID: 3782664883590224834, guid: 8d1e1b85aeba2894782b9d37596c45d2,
        type: 3}
      propertyPath: m_FontData.m_FontSize
      value: 61
      objectReference: {fileID: 0}
    - target: {fileID: 3782664883590224834, guid: 8d1e1b85aeba2894782b9d37596c45d2,
        type: 3}
      propertyPath: m_FontData.m_MaxSize
      value: 84
      objectReference: {fileID: 0}
    - target: {fileID: 3782664883590224834, guid: 8d1e1b85aeba2894782b9d37596c45d2,
        type: 3}
      propertyPath: m_Color.r
      value: 1
      objectReference: {fileID: 0}
    - target: {fileID: 3782664883590224834, guid: 8d1e1b85aeba2894782b9d37596c45d2,
        type: 3}
      propertyPath: m_Color.g
      value: 1
      objectReference: {fileID: 0}
    - target: {fileID: 3782664883590224834, guid: 8d1e1b85aeba2894782b9d37596c45d2,
        type: 3}
      propertyPath: m_Color.b
      value: 1
      objectReference: {fileID: 0}
    - target: {fileID: 5041037878036969831, guid: 8d1e1b85aeba2894782b9d37596c45d2,
        type: 3}
      propertyPath: m_SizeDelta.y
      value: 100
      objectReference: {fileID: 0}
    - target: {fileID: 5143912256478115520, guid: 8d1e1b85aeba2894782b9d37596c45d2,
        type: 3}
      propertyPath: m_LocalPosition.x
      value: 0
      objectReference: {fileID: 0}
    - target: {fileID: 5143912256478115520, guid: 8d1e1b85aeba2894782b9d37596c45d2,
        type: 3}
      propertyPath: m_LocalPosition.y
      value: 0
      objectReference: {fileID: 0}
    - target: {fileID: 5143912256478115520, guid: 8d1e1b85aeba2894782b9d37596c45d2,
        type: 3}
      propertyPath: m_LocalPosition.z
      value: 0
      objectReference: {fileID: 0}
    - target: {fileID: 5143912256478115520, guid: 8d1e1b85aeba2894782b9d37596c45d2,
        type: 3}
      propertyPath: m_LocalRotation.x
      value: 0
      objectReference: {fileID: 0}
    - target: {fileID: 5143912256478115520, guid: 8d1e1b85aeba2894782b9d37596c45d2,
        type: 3}
      propertyPath: m_LocalRotation.y
      value: 0
      objectReference: {fileID: 0}
    - target: {fileID: 5143912256478115520, guid: 8d1e1b85aeba2894782b9d37596c45d2,
        type: 3}
      propertyPath: m_LocalRotation.z
      value: 0
      objectReference: {fileID: 0}
    - target: {fileID: 5143912256478115520, guid: 8d1e1b85aeba2894782b9d37596c45d2,
        type: 3}
      propertyPath: m_LocalRotation.w
      value: 1
      objectReference: {fileID: 0}
    - target: {fileID: 5143912256478115520, guid: 8d1e1b85aeba2894782b9d37596c45d2,
        type: 3}
      propertyPath: m_RootOrder
      value: 3
      objectReference: {fileID: 0}
    - target: {fileID: 5143912256478115520, guid: 8d1e1b85aeba2894782b9d37596c45d2,
        type: 3}
      propertyPath: m_LocalEulerAnglesHint.x
      value: 0
      objectReference: {fileID: 0}
    - target: {fileID: 5143912256478115520, guid: 8d1e1b85aeba2894782b9d37596c45d2,
        type: 3}
      propertyPath: m_LocalEulerAnglesHint.y
      value: 0
      objectReference: {fileID: 0}
    - target: {fileID: 5143912256478115520, guid: 8d1e1b85aeba2894782b9d37596c45d2,
        type: 3}
      propertyPath: m_LocalEulerAnglesHint.z
      value: 0
      objectReference: {fileID: 0}
    - target: {fileID: 5143912256478115520, guid: 8d1e1b85aeba2894782b9d37596c45d2,
        type: 3}
      propertyPath: m_AnchoredPosition.x
      value: 0
      objectReference: {fileID: 0}
    - target: {fileID: 5143912256478115520, guid: 8d1e1b85aeba2894782b9d37596c45d2,
        type: 3}
      propertyPath: m_AnchoredPosition.y
      value: 0
      objectReference: {fileID: 0}
    - target: {fileID: 5143912256478115520, guid: 8d1e1b85aeba2894782b9d37596c45d2,
        type: 3}
      propertyPath: m_SizeDelta.x
      value: 766.16797
      objectReference: {fileID: 0}
    - target: {fileID: 5143912256478115520, guid: 8d1e1b85aeba2894782b9d37596c45d2,
        type: 3}
      propertyPath: m_SizeDelta.y
      value: 208.18115
      objectReference: {fileID: 0}
    - target: {fileID: 5143912256478115520, guid: 8d1e1b85aeba2894782b9d37596c45d2,
        type: 3}
      propertyPath: m_AnchorMin.x
      value: 0
      objectReference: {fileID: 0}
    - target: {fileID: 5143912256478115520, guid: 8d1e1b85aeba2894782b9d37596c45d2,
        type: 3}
      propertyPath: m_AnchorMin.y
      value: 0
      objectReference: {fileID: 0}
    - target: {fileID: 5143912256478115520, guid: 8d1e1b85aeba2894782b9d37596c45d2,
        type: 3}
      propertyPath: m_AnchorMax.x
      value: 0
      objectReference: {fileID: 0}
    - target: {fileID: 5143912256478115520, guid: 8d1e1b85aeba2894782b9d37596c45d2,
        type: 3}
      propertyPath: m_AnchorMax.y
      value: 0
      objectReference: {fileID: 0}
    - target: {fileID: 5143912256478115520, guid: 8d1e1b85aeba2894782b9d37596c45d2,
        type: 3}
      propertyPath: m_Pivot.x
      value: 0.5
      objectReference: {fileID: 0}
    - target: {fileID: 5143912256478115520, guid: 8d1e1b85aeba2894782b9d37596c45d2,
        type: 3}
      propertyPath: m_Pivot.y
      value: 0.5
      objectReference: {fileID: 0}
    - target: {fileID: 6643735789698488661, guid: 8d1e1b85aeba2894782b9d37596c45d2,
        type: 3}
      propertyPath: m_Sprite
      value: 
      objectReference: {fileID: 21300000, guid: 13e7d551bf15b074ba78ba8a5a9aff1b,
        type: 3}
    m_RemovedComponents: []
  m_SourcePrefab: {fileID: 100100000, guid: 8d1e1b85aeba2894782b9d37596c45d2, type: 3}
--- !u!224 &1000583868 stripped
RectTransform:
  m_CorrespondingSourceObject: {fileID: 5143912256478115520, guid: 8d1e1b85aeba2894782b9d37596c45d2,
    type: 3}
  m_PrefabInstance: {fileID: 1000583867}
  m_PrefabAsset: {fileID: 0}
--- !u!1 &1344381337
GameObject:
  m_ObjectHideFlags: 0
  m_CorrespondingSourceObject: {fileID: 0}
  m_PrefabInstance: {fileID: 0}
  m_PrefabAsset: {fileID: 0}
  serializedVersion: 6
  m_Component:
  - component: {fileID: 1344381340}
  - component: {fileID: 1344381339}
  - component: {fileID: 1344381338}
  m_Layer: 0
  m_Name: EventSystem
  m_TagString: Untagged
  m_Icon: {fileID: 0}
  m_NavMeshLayer: 0
  m_StaticEditorFlags: 0
  m_IsActive: 1
--- !u!114 &1344381338
MonoBehaviour:
  m_ObjectHideFlags: 0
  m_CorrespondingSourceObject: {fileID: 0}
  m_PrefabInstance: {fileID: 0}
  m_PrefabAsset: {fileID: 0}
  m_GameObject: {fileID: 1344381337}
  m_Enabled: 1
  m_EditorHideFlags: 0
  m_Script: {fileID: 11500000, guid: 4f231c4fb786f3946a6b90b886c48677, type: 3}
  m_Name: 
  m_EditorClassIdentifier: 
  m_HorizontalAxis: Horizontal
  m_VerticalAxis: Vertical
  m_SubmitButton: Submit
  m_CancelButton: Cancel
  m_InputActionsPerSecond: 10
  m_RepeatDelay: 0.5
  m_ForceModuleActive: 0
--- !u!114 &1344381339
MonoBehaviour:
  m_ObjectHideFlags: 0
  m_CorrespondingSourceObject: {fileID: 0}
  m_PrefabInstance: {fileID: 0}
  m_PrefabAsset: {fileID: 0}
  m_GameObject: {fileID: 1344381337}
  m_Enabled: 1
  m_EditorHideFlags: 0
  m_Script: {fileID: 11500000, guid: 76c392e42b5098c458856cdf6ecaaaa1, type: 3}
  m_Name: 
  m_EditorClassIdentifier: 
  m_FirstSelected: {fileID: 0}
  m_sendNavigationEvents: 1
  m_DragThreshold: 10
--- !u!4 &1344381340
Transform:
  m_ObjectHideFlags: 0
  m_CorrespondingSourceObject: {fileID: 0}
  m_PrefabInstance: {fileID: 0}
  m_PrefabAsset: {fileID: 0}
  m_GameObject: {fileID: 1344381337}
  m_LocalRotation: {x: 0, y: 0, z: 0, w: 1}
  m_LocalPosition: {x: 0, y: 0, z: 0}
  m_LocalScale: {x: 1, y: 1, z: 1}
  m_Children: []
  m_Father: {fileID: 0}
  m_RootOrder: 2
  m_LocalEulerAnglesHint: {x: 0, y: 0, z: 0}
--- !u!1 &1606998841
GameObject:
  m_ObjectHideFlags: 0
  m_CorrespondingSourceObject: {fileID: 0}
  m_PrefabInstance: {fileID: 0}
  m_PrefabAsset: {fileID: 0}
  serializedVersion: 6
  m_Component:
  - component: {fileID: 1606998843}
  - component: {fileID: 1606998842}
  m_Layer: 0
  m_Name: RE
  m_TagString: Untagged
  m_Icon: {fileID: 0}
  m_NavMeshLayer: 0
  m_StaticEditorFlags: 0
  m_IsActive: 1
--- !u!114 &1606998842
MonoBehaviour:
  m_ObjectHideFlags: 0
  m_CorrespondingSourceObject: {fileID: 0}
  m_PrefabInstance: {fileID: 0}
  m_PrefabAsset: {fileID: 0}
  m_GameObject: {fileID: 1606998841}
  m_Enabled: 1
  m_EditorHideFlags: 0
  m_Script: {fileID: 11500000, guid: 32063b6cb116c3947a7fd6f7ac9878c4, type: 3}
  m_Name: 
  m_EditorClassIdentifier: 
--- !u!4 &1606998843
Transform:
  m_ObjectHideFlags: 0
  m_CorrespondingSourceObject: {fileID: 0}
  m_PrefabInstance: {fileID: 0}
  m_PrefabAsset: {fileID: 0}
  m_GameObject: {fileID: 1606998841}
  m_LocalRotation: {x: 0, y: 0, z: 0, w: 1}
  m_LocalPosition: {x: 1160.8807, y: 346.07, z: -202.1875}
  m_LocalScale: {x: 1, y: 1, z: 1}
  m_Children: []
  m_Father: {fileID: 0}
  m_RootOrder: 4
  m_LocalEulerAnglesHint: {x: 0, y: 0, z: 0}
--- !u!1 &1962503473
GameObject:
  m_ObjectHideFlags: 0
  m_CorrespondingSourceObject: {fileID: 0}
  m_PrefabInstance: {fileID: 0}
  m_PrefabAsset: {fileID: 0}
  serializedVersion: 6
  m_Component:
  - component: {fileID: 1962503475}
  - component: {fileID: 1962503474}
  m_Layer: 0
  m_Name: ResourcesBank
  m_TagString: Untagged
  m_Icon: {fileID: 0}
  m_NavMeshLayer: 0
  m_StaticEditorFlags: 0
  m_IsActive: 1
--- !u!114 &1962503474
MonoBehaviour:
  m_ObjectHideFlags: 0
  m_CorrespondingSourceObject: {fileID: 0}
  m_PrefabInstance: {fileID: 0}
  m_PrefabAsset: {fileID: 0}
  m_GameObject: {fileID: 1962503473}
  m_Enabled: 1
  m_EditorHideFlags: 0
  m_Script: {fileID: 11500000, guid: 18811593c7cfd9c479385bb21102ea6e, type: 3}
  m_Name: 
  m_EditorClassIdentifier: 
--- !u!4 &1962503475
Transform:
  m_ObjectHideFlags: 0
  m_CorrespondingSourceObject: {fileID: 0}
  m_PrefabInstance: {fileID: 0}
  m_PrefabAsset: {fileID: 0}
  m_GameObject: {fileID: 1962503473}
  m_LocalRotation: {x: 0, y: 0, z: 0, w: 1}
  m_LocalPosition: {x: 1160.8807, y: 346.07, z: -202.1875}
  m_LocalScale: {x: 1, y: 1, z: 1}
  m_Children: []
  m_Father: {fileID: 0}
  m_RootOrder: 3
  m_LocalEulerAnglesHint: {x: 0, y: 0, z: 0}
--- !u!1001 &4897436842413066425
PrefabInstance:
  m_ObjectHideFlags: 0
  serializedVersion: 2
  m_Modification:
    m_TransformParent: {fileID: 60833534}
    m_Modifications:
    - target: {fileID: 1377311933370267341, guid: 8d1e1b85aeba2894782b9d37596c45d2,
        type: 3}
      propertyPath: m_AnchoredPosition.x
      value: 131
      objectReference: {fileID: 0}
    - target: {fileID: 1377311933370267341, guid: 8d1e1b85aeba2894782b9d37596c45d2,
        type: 3}
      propertyPath: m_SizeDelta.x
      value: 214.29675
      objectReference: {fileID: 0}
    - target: {fileID: 2414829722963783424, guid: 8d1e1b85aeba2894782b9d37596c45d2,
        type: 3}
      propertyPath: m_Name
      value: Wood
      objectReference: {fileID: 0}
    - target: {fileID: 2454149305481040388, guid: 8d1e1b85aeba2894782b9d37596c45d2,
        type: 3}
      propertyPath: type
      value: 1
      objectReference: {fileID: 0}
    - target: {fileID: 3782664883590224834, guid: 8d1e1b85aeba2894782b9d37596c45d2,
        type: 3}
      propertyPath: m_Text
      value: 0
      objectReference: {fileID: 0}
    - target: {fileID: 3782664883590224834, guid: 8d1e1b85aeba2894782b9d37596c45d2,
        type: 3}
      propertyPath: m_FontData.m_FontSize
      value: 61
      objectReference: {fileID: 0}
    - target: {fileID: 3782664883590224834, guid: 8d1e1b85aeba2894782b9d37596c45d2,
        type: 3}
      propertyPath: m_FontData.m_MaxSize
      value: 84
      objectReference: {fileID: 0}
    - target: {fileID: 3782664883590224834, guid: 8d1e1b85aeba2894782b9d37596c45d2,
        type: 3}
      propertyPath: m_Color.r
      value: 1
      objectReference: {fileID: 0}
    - target: {fileID: 3782664883590224834, guid: 8d1e1b85aeba2894782b9d37596c45d2,
        type: 3}
      propertyPath: m_Color.g
      value: 1
      objectReference: {fileID: 0}
    - target: {fileID: 3782664883590224834, guid: 8d1e1b85aeba2894782b9d37596c45d2,
        type: 3}
      propertyPath: m_Color.b
      value: 1
      objectReference: {fileID: 0}
    - target: {fileID: 5041037878036969831, guid: 8d1e1b85aeba2894782b9d37596c45d2,
        type: 3}
      propertyPath: m_SizeDelta.y
      value: 100
      objectReference: {fileID: 0}
    - target: {fileID: 5143912256478115520, guid: 8d1e1b85aeba2894782b9d37596c45d2,
        type: 3}
      propertyPath: m_LocalPosition.x
      value: 0
      objectReference: {fileID: 0}
    - target: {fileID: 5143912256478115520, guid: 8d1e1b85aeba2894782b9d37596c45d2,
        type: 3}
      propertyPath: m_LocalPosition.y
      value: 0
      objectReference: {fileID: 0}
    - target: {fileID: 5143912256478115520, guid: 8d1e1b85aeba2894782b9d37596c45d2,
        type: 3}
      propertyPath: m_LocalPosition.z
      value: 0
      objectReference: {fileID: 0}
    - target: {fileID: 5143912256478115520, guid: 8d1e1b85aeba2894782b9d37596c45d2,
        type: 3}
      propertyPath: m_LocalRotation.x
      value: 0
      objectReference: {fileID: 0}
    - target: {fileID: 5143912256478115520, guid: 8d1e1b85aeba2894782b9d37596c45d2,
        type: 3}
      propertyPath: m_LocalRotation.y
      value: 0
      objectReference: {fileID: 0}
    - target: {fileID: 5143912256478115520, guid: 8d1e1b85aeba2894782b9d37596c45d2,
        type: 3}
      propertyPath: m_LocalRotation.z
      value: 0
      objectReference: {fileID: 0}
    - target: {fileID: 5143912256478115520, guid: 8d1e1b85aeba2894782b9d37596c45d2,
        type: 3}
      propertyPath: m_LocalRotation.w
      value: 1
      objectReference: {fileID: 0}
    - target: {fileID: 5143912256478115520, guid: 8d1e1b85aeba2894782b9d37596c45d2,
        type: 3}
      propertyPath: m_RootOrder
      value: 0
      objectReference: {fileID: 0}
    - target: {fileID: 5143912256478115520, guid: 8d1e1b85aeba2894782b9d37596c45d2,
        type: 3}
      propertyPath: m_LocalEulerAnglesHint.x
      value: 0
      objectReference: {fileID: 0}
    - target: {fileID: 5143912256478115520, guid: 8d1e1b85aeba2894782b9d37596c45d2,
        type: 3}
      propertyPath: m_LocalEulerAnglesHint.y
      value: 0
      objectReference: {fileID: 0}
    - target: {fileID: 5143912256478115520, guid: 8d1e1b85aeba2894782b9d37596c45d2,
        type: 3}
      propertyPath: m_LocalEulerAnglesHint.z
      value: 0
      objectReference: {fileID: 0}
    - target: {fileID: 5143912256478115520, guid: 8d1e1b85aeba2894782b9d37596c45d2,
        type: 3}
      propertyPath: m_AnchoredPosition.x
      value: 0
      objectReference: {fileID: 0}
    - target: {fileID: 5143912256478115520, guid: 8d1e1b85aeba2894782b9d37596c45d2,
        type: 3}
      propertyPath: m_AnchoredPosition.y
      value: 0
      objectReference: {fileID: 0}
    - target: {fileID: 5143912256478115520, guid: 8d1e1b85aeba2894782b9d37596c45d2,
        type: 3}
      propertyPath: m_SizeDelta.x
      value: 766.16797
      objectReference: {fileID: 0}
    - target: {fileID: 5143912256478115520, guid: 8d1e1b85aeba2894782b9d37596c45d2,
        type: 3}
      propertyPath: m_SizeDelta.y
      value: 208.18115
      objectReference: {fileID: 0}
    - target: {fileID: 5143912256478115520, guid: 8d1e1b85aeba2894782b9d37596c45d2,
        type: 3}
      propertyPath: m_AnchorMin.x
      value: 0
      objectReference: {fileID: 0}
    - target: {fileID: 5143912256478115520, guid: 8d1e1b85aeba2894782b9d37596c45d2,
        type: 3}
      propertyPath: m_AnchorMin.y
      value: 0
      objectReference: {fileID: 0}
    - target: {fileID: 5143912256478115520, guid: 8d1e1b85aeba2894782b9d37596c45d2,
        type: 3}
      propertyPath: m_AnchorMax.x
      value: 0
      objectReference: {fileID: 0}
    - target: {fileID: 5143912256478115520, guid: 8d1e1b85aeba2894782b9d37596c45d2,
        type: 3}
      propertyPath: m_AnchorMax.y
      value: 0
      objectReference: {fileID: 0}
    - target: {fileID: 5143912256478115520, guid: 8d1e1b85aeba2894782b9d37596c45d2,
        type: 3}
      propertyPath: m_Pivot.x
      value: 0.5
      objectReference: {fileID: 0}
    - target: {fileID: 5143912256478115520, guid: 8d1e1b85aeba2894782b9d37596c45d2,
        type: 3}
      propertyPath: m_Pivot.y
      value: 0.5
      objectReference: {fileID: 0}
    - target: {fileID: 6643735789698488661, guid: 8d1e1b85aeba2894782b9d37596c45d2,
        type: 3}
      propertyPath: m_Sprite
      value: 
      objectReference: {fileID: 21300000, guid: e8e712ada6c497b49a079a9cb462ac6c,
        type: 3}
    m_RemovedComponents: []
  m_SourcePrefab: {fileID: 100100000, guid: 8d1e1b85aeba2894782b9d37596c45d2, type: 3}
--- !u!224 &4897436842413066426 stripped
RectTransform:
  m_CorrespondingSourceObject: {fileID: 5143912256478115520, guid: 8d1e1b85aeba2894782b9d37596c45d2,
    type: 3}
  m_PrefabInstance: {fileID: 4897436842413066425}
  m_PrefabAsset: {fileID: 0}
